@Book{lhy_latex,
  author    = {刘海洋},
  publisher = {电子工业出版社},
  title     = {\LaTeX{} 入门},
  year      = {2013},
  isbn      = {978-7-121-20208-7},
}

@Article{sample,
  author  = {Author},
  journal = {Journal},
  title   = {Title},
  year    = {Year},
  issn    = {ISSN},
  month   = {Month},
  note    = {Note},
  number  = {Number},
  pages   = {Pages},
  volume  = {Volume},
}

@Comment{jabref-meta: databaseType:bibtex;}
